<record xmlns:xsi="http://www.w3.org/2001/XMLSchema-instance" xmlns="http://www.loc.gov/MARC21/slim" xsi:schemaLocation="http://www.loc.gov/MARC21/slim http://www.loc.gov/standards/marcxml/schema/MARC21slim.xsd">

  <leader>00899nam a2200205   4500</leader>
  <controlfield tag="008">150806b2013    c  ||||| |||| 00| | spa d</controlfield>
  <datafield ind2=" " tag="090" ind1=" ">
    <subfield code="a">06.02.01 </subfield>
    <subfield code="b">2001 (2013) </subfield>
  </datafield>
  <datafield ind2=" " tag="100" ind1=" ">
    <subfield code="9">750</subfield>
    <subfield code="a">Brenes, Leonardo </subfield>
  </datafield>
  <datafield ind2="0" tag="245" ind1="1">
    <subfield code="a">Plan de los 200 días lectivos del Ministerio de Educación Pública de Costa Rica: Métodos y técnicas para la enseñanza /</subfield>
    <subfield code="c">Leonardo Brenes; Luis Diego Guillén J.; Rocío Ling N.; Monserrat Ramírez; Glenda Umaña Z.; Nuria Vindas F.</subfield>
  </datafield>
  <datafield ind1=" " tag="260" ind2=" ">
    <subfield code="a">San José, Costa Rica :</subfield>
    <subfield code="b">INIE. MEP. Instituto de Desarrollo Profesional Uladislao Gámez Solano,</subfield>
    <subfield code="c">2013</subfield>
  </datafield>
  <datafield tag="300" ind1=" " ind2=" ">
    <subfield code="a">1 volumen (en varias paginaciones)</subfield>
  </datafield>
  <datafield ind2="4" ind1="1" tag="650">
    <subfield code="9">729</subfield>
    <subfield code="a">CAPACITACIÓN</subfield>
  </datafield>
  <datafield ind2="4" tag="650" ind1="1">
    <subfield code="9">331</subfield>
    <subfield code="a">DOCENTES</subfield>
  </datafield>
  <datafield ind2=" " ind1="1" tag="700">
    <subfield code="9">751</subfield>
    <subfield code="a">Guillén J., Luis Diego </subfield>
  </datafield>
  <datafield ind2=" " tag="700" ind1="1">
    <subfield code="9">752</subfield>
    <subfield code="a">Ling N., Rocío </subfield>
  </datafield>
  <datafield ind2=" " ind1="1" tag="700">
    <subfield code="9">753</subfield>
    <subfield code="a">Ramírez, Monserrat</subfield>
  </datafield>
  <datafield ind2=" " tag="700" ind1="1">
    <subfield code="9">754</subfield>
    <subfield code="a">Umaña Z., Glenda</subfield>
  </datafield>
  <datafield tag="700" ind1="1" ind2=" ">
    <subfield code="9">755</subfield>
    <subfield code="a">Vindas F., Nuria </subfield>
  </datafield>
  <datafield ind1=" " tag="942" ind2=" ">
    <subfield code="2">z</subfield>
    <subfield code="c">01</subfield>
  </datafield>
  <datafield ind2=" " tag="999" ind1=" ">
    <subfield code="c">2790</subfield>
    <subfield code="d">2790</subfield>
  </datafield>
</record>